@article{einstein,
    author =       "Albert Einstein",
    title =        "{Zur Elektrodynamik bewegter K{\"o}rper}. ({German})
    [{On} the electrodynamics of moving bodies]",
    journal =      "Annalen der Physik",
    volume =       "322",
    number =       "10",
    pages =        "891--921",
    year =         "1905",
    DOI =          "http://dx.doi.org/10.1002/andp.19053221004",
    keywords =     "physics"
}

@book{dirac,
    title={The Principles of Quantum Mechanics},
    author={Paul Adrien Maurice Dirac},
    isbn={9780198520115},
    series={International series of monographs on physics},
    year={1981},
    publisher={Clarendon Press},
    keywords = {physics}
}

@online{knuthwebsite,
    author    = "Donald Knuth",
    title     = "Knuth: Computers and Typesetting",
    url       = "http://www-cs-faculty.stanford.edu/~uno/abcde.html",
    keywords  = "latex,knuth"
}

@inbook{knuth-fa,
    author = "Donald E. Knuth",
    title = "Fundamental Algorithms",
    publisher = "Addison-Wesley",
    year = "1973",
    chapter = "1.2",

}

@online{starship,
    author = "Starship technologies",
	title = "Starship webpage",
	url = "https://www.starship.xyz/",
	urldate = "2019-06-30"
} 

@online{starship_feature,
    author    = "IEEE",
    title     = "Starship robot",
    url       = "https://robots.ieee.org/robots/starship/",
}

%%%%%Im치genes
@misc{starship_picture,
    author    = {Isobel Asher Hamilton},
    title     = {Los inversores est치n apostando 85 millones de d칩lares a 					que los estudiantes hambrientos normalizar치n estos robots 				de entrega de comida a domicilio.},
    url       = {https://www.businessinsider.es/carrera-robots-entrega-						domicilio-starship-technologies-480485},

}

